


% ACCESS-BASED CONSUMPTION
@techreport{horton2016owning,
  title={Owning, Using and Renting: Some Simple Economics of the" Sharing Economy"},
  author={Horton, John J and Zeckhauser, Richard J},
  year={2016},
  institution={National Bureau of Economic Research}
}


article{bardhi2012access,
  title={Access-based consumption: The case of car sharing},
  author={Bardhi, Fleura and Eckhardt, Giana M},
  journal={Journal of consumer research},
  volume={39},
  number={4},
  pages={881--898},
  year={2012},
  publisher={Oxford University Press}
}

article{mohlmann2015collaborative,
  title={Collaborative consumption: determinants of satisfaction and the likelihood of using a sharing economy option again},
  author={M{\"o}hlmann, Mareike},
  journal={Journal of Consumer Behaviour},
  volume={14},
  number={3},
  pages={193--207},
  year={2015},
  publisher={Wiley Online Library}
}



% PHONE SHARING
@article{calandro2012mobile,
  title={Mobile usage at the base of the pyramid in South Africa},
  author={Calandro, E and Gillwald, A and Deen-Swarray, M and Stork, C and Esselaar, S},
  journal={International Bank for Reconstruction and Development/The World Bank},
  pages={1--74},
  year={2012}
}

% ELECTRICITY SHARING
@article{mustefa2016energy,
  title={The Energy-Gender Nexus: A Case Study among Urban and Peri-urban Female Headed Households in Arba-Minch Town, Southern Ethiopia},
  author={Mustefa, Ahmed and Lika, Tebarek},
  journal={Ethiopian Journal of the Social Sciences and Humanities},
  volume={12},
  number={1},
  pages={1--38},
  year={2016},
  publisher={College of Social Sciences, Addis Ababa University}
}





@article{kosec2014child,
  title={The child health implications of privatizing Africa's urban water supply},
  author={Kosec, Katrina},
  journal={Journal of health economics},
  volume={35},
  pages={1--19},
  year={2014},
  publisher={Elsevier}
}

@article{zhang2016long,
  title={The long-run effects of treated water on education: The rural drinking water program in China},
  author={Zhang, Jing and Xu, Lixin Colin},
  journal={Journal of Development Economics},
  volume={122},
  pages={1--15},
  year={2016},
  publisher={Elsevier}
}


@article{einav2013selection,
  title={Selection on moral hazard in health insurance},
  author={Einav, Liran and Finkelstein, Amy and Ryan, Stephen P and Schrimpf, Paul and Cullen, Mark R},
  journal={American Economic Review},
  volume={103},
  number={1},
  pages={178--219},
  year={2013}
}

@article{bennett2012does,
  title={Does clean water make you dirty? Water supply and sanitation in the Philippines},
  author={Bennett, Daniel},
  journal={Journal of Human Resources},
  volume={47},
  number={1},
  pages={146--173},
  year={2012},
  publisher={University of Wisconsin Press}
}

@article{timmins2002measuring,
  title={Measuring the dynamic efficiency costs of regulators' preferences: Municipal water utilities in the arid west},
  author={Timmins, Christopher},
  journal={Econometrica},
  volume={70},
  number={2},
  pages={603--629},
  year={2002},
  publisher={Wiley Online Library}
}

@article{boland2000political,
  title={The political economy of water tariff design in developing countries: increasing block tariffs versus uniform price with rebate},
  author={Boland, John J and Whittington, Dale},
  journal={The political economy of water pricing reforms},
  volume={215235},
  year={2000},
  publisher={Oxford University Press Washington}
}

@article{keener2010provision,
  title={Provision of water to the poor in Africa: Experience with water standposts and the informal water sector},
  author={Keener, Sarah and Luengo, Manuel and Banerjee, Sudeshna Ghosh},
  year={2010}
}

@article{whittington1992possible,
  title={Possible adverse effects of increasing block water tariffs in developing countries},
  author={Whittington, Dale},
  journal={Economic Development and Cultural Change},
  volume={41},
  number={1},
  pages={75--87},
  year={1992},
  publisher={University of Chicago Press}
}


article{ruijs2008demand,
  title={Demand and distributional effects of water pricing policies},
  author={Ruijs, Arjan and Zimmermann, Alexandra and van den Berg, Marrit},
  journal={Ecological Economics},
  volume={66},
  number={2},
  pages={506--516},
  year={2008},
  publisher={Elsevier}
}

article{dahan2007unintended,
  title={Unintended consequences of increasing block tariffs pricing policy in urban water},
  author={Dahan, Momi and Nisan, Udi},
  journal={Water Resources Research},
  volume={43},
  number={3},
  year={2007},
  publisher={Wiley Online Library}
}

book{marin2009public,
  title={Public private partnerships for urban water utilities: A review of experiences in developing countries},
  author={Marin, Philippe},
  volume={8},
  year={2009},
  publisher={World Bank Publications}
}

@article{borenstein2012redistributional,
  title={The redistributional impact of nonlinear electricity pricing},
  author={Borenstein, Severin},
  journal={American Economic Journal: Economic Policy},
  volume={4},
  number={3},
  pages={56--90},
  year={2012},
  publisher={American Economic Association}
}

article{NAUGES2017125,
title = "Evaluating the Performance of Alternative Municipal Water Tariff Designs: Quantifying the Tradeoffs between Equity, Economic Efficiency, and Cost Recovery",
journal = "World Development",
volume = "91",
number = "Supplement C",
pages = "125 - 143",
year = "2017",
issn = "0305-750X",
doi = "https://doi.org/10.1016/j.worlddev.2016.10.014",
url = "http://www.sciencedirect.com/science/article/pii/S0305750X16305162",
author = "Celine Nauges and Dale Whittington",
keywords = "tariff design, increasing block tariffs, water pricing, subsidy incidence, subsidy targeting"
}


@misc{WB:2015,
  author = {WHO/UNICEF},
  title = {Piped Water Coverage},
  year = {2015},
  note = {data retrieved from World Development Indicators, 
          \url{https://data.worldbank.org/indicator/SH.H2O.BASW.UR.ZS}},
}


@article{cutler2005role,
  title={The role of public health improvements in health advances: the twentieth-century United States},
  author={Cutler, David and Miller, Grant},
  journal={Demography},
  volume={42},
  number={1},
  pages={1--22},
  year={2005},
  publisher={Springer}
}


book{doi:10.1596/1813-9450-5384,
author = { Ying, Yvonne Skilling, Heather Banerjee, Sudeshna Wodon, Quentin Foster, Vivien },
title = {Cost Recovery, Equity, And Efficiency In Water Tariffs : Evidence From African Utilities},
publisher = {The World Bank},
year = {2010},
doi = {10.1596/1813-9450-5384},
address = {},
edition   = {},
URL = {https://elibrary.worldbank.org/doi/abs/10.1596/1813-9450-5384},
eprint = {https://elibrary.worldbank.org/doi/pdf/10.1596/1813-9450-5384}
}


@book{mcintosh2003asian,
  title={Asian water supplies: reaching the urban poor},
  author={McIntosh, Arthur},
  year={2003},
  publisher={Asian Development Bank}
}




@article{szabo2015value,
  title={The Value of Free Water: Analyzing South Africa's Free Basic Water Policy},
  author={Szab{\'o}, Andrea},
  journal={Econometrica},
  volume={83},
  number={5},
  pages={1913--1961},
  year={2015},
  publisher={Wiley Online Library}
}



@unpublished{wsup,
  author  = {{Water and Sanitation for the Urban Poor}},
  title = {Getting to Scale in Urban Water Supply},
  year = {2013},
  %month  = "",
  note  = {},
}



@article{komives2006distributional,
  title={The distributional incidence of residential water and electricity subsidies},
  author={Komives, Kristin and Halpern, Jonathan and Foster, Vivien and Wodon, Quentin T and Abdullah, Roohi},
  year={2006}
}

@book{komives2005water,
  title={Water, electricity, and the poor: Who benefits from utility subsidies?},
  author={Komives, Kristin},
  year={2005},
  publisher={World Bank Publications}
}



article{miller2011intra,
  title={Intra-household externalities and low demand for a new technology: Experimental evidence on improved cookstoves},
  author={Miller, Grant and Mobarak, A Mushfiq},
  journal={Unpublished manuscript},
  year={2011}
}

article{tarozzi2014micro,
  title={Micro-loans, insecticide-treated bednets, and malaria: evidence from a randomized controlled trial in Orissa, India},
  author={Tarozzi, Alessandro and Mahajan, Aprajit and Blackburn, Brian and Kopf, Dan and Krishnan, Lakshmi and Yoong, Joanne},
  journal={The American Economic Review},
  volume={104},
  number={7},
  pages={1909--1941},
  year={2014},
  publisher={American Economic Association}
}

article{tarozzi2013impact,
  title={On the impact of microcredit: Evidence from a randomized intervention in rural Ethiopia},
  author={Tarozzi, Alessandro and Desai, Jaikishan and Johnson, Kristin},
  year={2013}
}

article{meredith2013keeping,
  title={Keeping the doctor away: Experimental evidence on investment in preventative health products},
  author={Meredith, Jennifer and Robinson, Jonathan and Walker, Sarah and Wydick, Bruce},
  journal={Journal of Development Economics},
  volume={105},
  pages={196--210},
  year={2013},
  publisher={Elsevier}
}

article{hoffmann2009free,
  title={Do free goods stick to poor households? Experimental evidence on insecticide treated bednets},
  author={Hoffmann, Vivian and Barrett, Christopher B and Just, David R},
  journal={World Development},
  volume={37},
  number={3},
  pages={607--617},
  year={2009},
  publisher={Elsevier}
}

article{dupas2009matters,
  title={What matters (and what does not) in households' decision to invest in malaria prevention?},
  author={Dupas, Pascaline},
  journal={The American Economic Review},
  volume={99},
  number={2},
  pages={224--230},
  year={2009},
  publisher={JSTOR}
}


article{foster2011indian,
  title={Are Indian farms too small? Mechanization, agency costs, and farm efficiency},
  author={Foster, Andrew D and Rosenzweig, Mark R},
  journal={Unpublished Manuscript, Brown University and Yale University},
  year={2011}
}

article{chen2013secondary,
  title={When do secondary markets harm firms?},
  author={Chen, Jiawei and Esteban, Susanna and Shum, Matthew},
  journal={The American Economic Review},
  volume={103},
  number={7},
  pages={2911--2934},
  year={2013},
  publisher={American Economic Association}
}

article{gavazza2011leasing,
  title={Leasing and secondary markets: Theory and evidence from commercial aircraft},
  author={Gavazza, Alessandro},
  journal={Journal of Political Economy},
  volume={119},
  number={2},
  pages={325--377},
  year={2011},
  publisher={University of Chicago Press Chicago, IL}
}

@book{laffont2005regulation,
  title={Regulation and development},
  author={Laffont, Jean-Jacques},
  year={2005},
  publisher={Cambridge University Press}
}

@article{mcrae2014infrastructure,
  title={Infrastructure quality and the subsidy trap},
  author={McRae, Shaun},
  journal={The American Economic Review},
  volume={105},
  number={1},
  pages={35--66},
  year={2014},
  publisher={American Economic Association}
}

@article{olmstead2009reduced,
  title={Reduced-form versus structural models of water demand under nonlinear prices},
  author={Olmstead, Sheila M},
  journal={Journal of Business \& Economic Statistics},
  volume={27},
  number={1},
  pages={84--94},
  year={2009},
  publisher={Taylor \& Francis}
}

article{jacoby2004monopoly,
  title={Monopoly power and distribution in fragmented markets: The case of groundwater},
  author={Jacoby, Hanan G and Murgai, Rinku and Ur Rehman, Saeed},
  journal={The Review of Economic Studies},
  volume={71},
  number={3},
  pages={783--808},
  year={2004},
  publisher={Oxford University Press}
}

@article{devoto2012happiness,
  title={Happiness on tap: piped water adoption in urban Morocco},
  author={Devoto, Florencia and Duflo, Esther and Dupas, Pascaline and Parient{\'e}, William and Pons, Vincent},
  journal={American Economic Journal: Economic Policy},
  volume={4},
  number={4},
  pages={68--99},
  year={2012},
  publisher={American Economic Association}
}

article{anderson2011caste,
  title={Caste as an Impediment to Trade},
  author={Anderson, Siwan},
  journal={American Economic Journal: Applied Economics},
  volume={3},
  number={1},
  pages={239--263},
  year={2011},
  publisher={American Economic Association}
}

book{benjamin1994institutions,
  title={Institutions, incentives, and irrigation in Nepal},
  author={Benjamin, Paul and Lam, Wai Fung and Ostrom, Elinor and Shivakoti, Ganesh},
  year={1994},
  publisher={US. AID}
}

@article{galiani2005water,
  title={Water for life: The impact of the privatization of water services on child mortality},
  author={Galiani, Sebastian and Gertler, Paul and Schargrodsky, Ernesto},
  journal={Journal of political economy},
  volume={113},
  number={1},
  pages={83--120},
  year={2005},
  publisher={The University of Chicago Press}
}

@article{gamper2010impact,
  title={The impact of piped water provision on infant mortality in Brazil: A quantile panel data approach},
  author={Gamper-Rabindran, Shanti and Khan, Shakeeb and Timmins, Christopher},
  journal={Journal of Development Economics},
  volume={92},
  number={2},
  pages={188--200},
  year={2010},
  publisher={Elsevier}
}

article{kremer2011spring,
  title={Spring cleaning: Rural water impacts, valuation, and property rights institutions},
  author={Kremer, Michael and Leino, Jessica and Miguel, Edward and Zwane, Alix Peterson},
  journal={The Quarterly Journal of Economics},
  volume={126},
  number={1},
  pages={145--205},
  year={2011},
  publisher={Oxford University Press}
}

@article{moffitt1986econometrics,
  title={The econometrics of piecewise-linear budget constraints: a survey and exposition of the maximum likelihood method},
  author={Moffitt, Robert},
  journal={Journal of Business \& Economic Statistics},
  volume={4},
  number={3},
  pages={317--328},
  year={1986},
  publisher={Taylor \& Francis}
}

@article{burtless1978effect,
  title={The effect of taxation on labor supply: Evaluating the Gary negative income tax experiment},
  author={Burtless, Gary and Hausman, Jerry A},
  journal={Journal of political Economy},
  volume={86},
  number={6},
  pages={1103--1130},
  year={1978},
  publisher={The University of Chicago Press}
}

@article{feldstein1972equity,
  title={Equity and efficiency in public sector pricing: the optimal two-part tariff},
  author={Feldstein, Martin S},
  journal={The Quarterly Journal of Economics},
  pages={176--187},
  year={1972},
  publisher={JSTOR}
}

@article{oi1971disneyland,
  title={A Disneyland dilemma: Two-part tariffs for a Mickey Mouse monopoly},
  author={Oi, Walter Y},
  journal={The Quarterly Journal of Economics},
  volume={85},
  number={1},
  pages={77--96},
  year={1971},
  publisher={Oxford University Press}
}

@article{nauges2006water,
  title={Water markets, demand, and cost recovery for piped water supply services: evidence from Southwest Sri Lanka},
  author={Nauges, C{\'e}line and Van den Berg, Caroline},
  year={2006}
}

@article{auerbach1978two,
  title={The two-part tariff and voluntary market participation},
  author={Auerbach, Alan J and Pellechio, Anthony J},
  journal={The Quarterly Journal of Economics},
  pages={571--587},
  year={1978},
  publisher={JSTOR}
}

article{dinkelman2011effects,
  title={The effects of rural electrification on employment: New evidence from South Africa},
  author={Dinkelman, Taryn},
  journal={The American Economic Review},
  volume={101},
  number={7},
  pages={3078--3108},
  year={2011},
  publisher={American Economic Association}
}

@article{hoque2013state,
  title={State-of-the-art review: designing urban water tariffs to recover costs and promote wise use},
  author={Hoque, Sonia Ferdous and Wichelns, Dennis},
  journal={International journal of water resources development},
  volume={29},
  number={3},
  pages={472--491},
  year={2013},
  publisher={Taylor \& Francis Group}
}

@article{strand2005water,
  title={Water markets and demand in Central American cities},
  author={Strand, Jon and Walker, Ian},
  journal={Environment and Development Economics},
  volume={10},
  number={03},
  pages={313--335},
  year={2005},
  publisher={Cambridge Univ Press}
}

@article{diakite2009proposal,
  title={A proposal for social pricing of water supply in C{\^o}te d'Ivoire},
  author={Diakit{\'e}, Daouda and Semenov, Aggey and Thomas, Alban},
  journal={Journal of Development Economics},
  volume={88},
  number={2},
  pages={258--268},
  year={2009},
  publisher={Elsevier}
}



@article{jimenez2014factors,
  title={Factors influencing the uptake of household water connections in peri-urban Maputo, Mozambique},
  author={Jimenez-Redal, Ruben and Parker, Alison and Jeffrey, Paul},
  journal={Utilities Policy},
  volume={28},
  pages={22--27},
  year={2014},
  publisher={Elsevier}
}

@article{kayaga2007costs,
  title={Costs of urban utility water connections: Excessive burden to the poor},
  author={Kayaga, Sam and Franceys, Richard},
  journal={Utilities Policy},
  volume={15},
  number={4},
  pages={270--277},
  year={2007},
  publisher={Elsevier}
}

@book{mcintosh2003asian,
  title={Asian water supplies reaching the urban poor},
  author={McIntosh, Arthur C},
  year={2003},
  publisher={Asian Development Bank}
}


@book{laffont1993theory,
  title={A theory of incentives in procurement and regulation},
  author={Laffont, Jean-Jacques and Tirole, Jean},
  year={1993},
  publisher={MIT press}
}


