


% engineering papers

% overall machine learning

@article{dawood2020water,
  title={Water pipe failure prediction and risk models: state-of-the-art review},
  author={Dawood, Thikra and Elwakil, Emad and Novoa, Hector Mayol and G{\'a}rate Delgado, Jos{\'e} Fernando},
  journal={Canadian Journal of Civil Engineering},
  volume={47},
  number={10},
  pages={1117--1127},
  year={2020},
  publisher={NRC Research Press 1840 Woodward Drive, Suite 1, Ottawa, ON K2C 0P7}
}


% pipe lifetime graphs
@article{ward2017deterioration,
  title={Deterioration modelling of small-diameter water pipes under limited data availability},
  author={Ward, Ben and Selby, Andrew and Gee, Simon and Savic, Dragan},
  journal={Urban Water Journal},
  volume={14},
  number={7},
  pages={743--749},
  year={2017},
  publisher={Taylor \& Francis}
}
@article{kleiner2001comprehensive,
  title={Comprehensive review of structural deterioration of water mains: statistical models},
  author={Kleiner, Yehuda and Rajani, Balvant},
  journal={Urban water},
  volume={3},
  number={3},
  pages={131--150},
  year={2001},
  publisher={Elsevier}
}
@article{aydogdu2015estimation,
  title={Estimation of failure rate in water distribution network using fuzzy clustering and LS-SVM methods},
  author={Aydogdu, Mahmut and Firat, Mahmut},
  journal={Water resources management},
  volume={29},
  number={5},
  pages={1575--1590},
  year={2015},
  publisher={Springer}
}


@article{epa2015,
  title={Drinking Water Infrastructure Needs Survey and Assessment},
  author={{US Environmental Protection Agency}},
  journal={Sixth Report to Congress},
  year={2015}
}


%%% aging infrastructure mitigating effects of declorinization 
@techreport{bhalotra2017urban,
  title={Urban water disinfection and mortality decline in developing countries},
  author={Bhalotra, Sonia R and Diaz-Cayeros, Alberto and Miller, Grant and Miranda, Alfonso and Venkataramani, Atheendar S},
  year={2017},
  institution={National Bureau of Economic Research}
}


%%% key monopoly papers

@article{spence1975monopoly,
  title={Monopoly, quality, and regulation},
  author={Spence, A Michael},
  journal={The Bell Journal of Economics},
  pages={417--429},
  year={1975},
  publisher={JSTOR}
}

@article{lim2018dynamic,
  title={Dynamic natural monopoly regulation: Time inconsistency, moral hazard, and political environments},
  author={Lim, Claire SH and Yurukoglu, Ali},
  journal={Journal of Political Economy},
  volume={126},
  number={1},
  pages={263--312},
  year={2018},
  publisher={University of Chicago Press Chicago, IL}
}


%%% reducing nrw
@article{liemberger2006challenge,
  title={The Challenge of Reducing Non-Revenue Water in Developing Countries--How the Private Sector Can Help: A Look at Performance-Based Service Contracting},
  author={Liemberger, Roland and Marin, Philippe and others},
  year={2006},
  publisher={World Bank, Washington, DC}
}
@book{frauendorfer2010issues,
  title={The issues and challenges of reducing non-revenue water},
  author={Frauendorfer, Rudolf and Liemberger, Roland},
  year={2010},
  publisher={Asian Development Bank}
}


@article{mcrae2015infrastructure,
  title={Infrastructure quality and the subsidy trap},
  author={McRae, Shaun},
  journal={American Economic Review},
  volume={105},
  number={1},
  pages={35--66},
  year={2015}
}

@article{baisa2010welfare,
  title={The welfare costs of unreliable water service},
  author={Baisa, Brian and Davis, Lucas W and Salant, Stephen W and Wilcox, William},
  journal={Journal of Development Economics},
  volume={92},
  number={1},
  pages={1--12},
  year={2010},
  publisher={Elsevier}
}
@article{mckenzie2009urban,
  title={Urban water supply in India: status, reform options and possible lessons},
  author={McKenzie, David and Ray, Isha},
  journal={Water Policy},
  volume={11},
  number={4},
  pages={442--460},
  year={2009},
  publisher={IWA Publishing}
}




%% booster pump intrusion

@phdthesis{taylor2014reducing,
  title={Reducing booster-pump-induced contaminant intrusion in Indian water systems with a self-actuated, back-pressure regulating valve},
  author={Taylor, David Donald James},
  year={2014},
  school={Massachusetts Institute of Technology}
}

@article{ito2014consumers,
  title={Do consumers respond to marginal or average price? Evidence from nonlinear electricity pricing},
  author={Ito, Koichiro},
  journal={American Economic Review},
  volume={104},
  number={2},
  pages={537--63},
  year={2014}
}




@article{joskow2007regulation,
  title={Regulation of natural monopoly},
  author={Joskow, Paul L},
  journal={Handbook of law and economics},
  volume={2},
  pages={1227--1348},
  year={2007},
  publisher={Elsevier}
}


@book{dumol2000manila,
  title={The Manila water concession: a key government official's diary of the world's largest water privatization},
  author={Dumol, Mark},
  year={2000},
  publisher={The World Bank}
}







@article{kosec2014child,
  title={The child health implications of privatizing Africa's urban water supply},
  author={Kosec, Katrina},
  journal={Journal of health economics},
  volume={35},
  pages={1--19},
  year={2014},
  publisher={Elsevier}
}

@article{zhang2016long,
  title={The long-run effects of treated water on education: The rural drinking water program in China},
  author={Zhang, Jing and Xu, Lixin Colin},
  journal={Journal of Development Economics},
  volume={122},
  pages={1--15},
  year={2016},
  publisher={Elsevier}
}


article{einav2013selection,
  title={Selection on moral hazard in health insurance},
  author={Einav, Liran and Finkelstein, Amy and Ryan, Stephen P and Schrimpf, Paul and Cullen, Mark R},
  journal={American Economic Review},
  volume={103},
  number={1},
  pages={178--219},
  year={2013}
}

@article{bennett2012does,
  title={Does clean water make you dirty? Water supply and sanitation in the Philippines},
  author={Bennett, Daniel},
  journal={Journal of Human Resources},
  volume={47},
  number={1},
  pages={146--173},
  year={2012},
  publisher={University of Wisconsin Press}
}

article{timmins2002measuring,
  title={Measuring the dynamic efficiency costs of regulators' preferences: Municipal water utilities in the arid west},
  author={Timmins, Christopher},
  journal={Econometrica},
  volume={70},
  number={2},
  pages={603--629},
  year={2002},
  publisher={Wiley Online Library}
}

article{boland2000political,
  title={The political economy of water tariff design in developing countries: increasing block tariffs versus uniform price with rebate},
  author={Boland, John J and Whittington, Dale},
  journal={The political economy of water pricing reforms},
  volume={215235},
  year={2000},
  publisher={Oxford University Press Washington}
}

article{keener2010provision,
  title={Provision of water to the poor in Africa: Experience with water standposts and the informal water sector},
  author={Keener, Sarah and Luengo, Manuel and Banerjee, Sudeshna Ghosh},
  year={2010}
}

article{whittington1992possible,
  title={Possible adverse effects of increasing block water tariffs in developing countries},
  author={Whittington, Dale},
  journal={Economic Development and Cultural Change},
  volume={41},
  number={1},
  pages={75--87},
  year={1992},
  publisher={University of Chicago Press}
}



book{marin2009public,
  title={Public private partnerships for urban water utilities: A review of experiences in developing countries},
  author={Marin, Philippe},
  volume={8},
  year={2009},
  publisher={World Bank Publications}
}


article{NAUGES2017125,
title = "Evaluating the Performance of Alternative Municipal Water Tariff Designs: Quantifying the Tradeoffs between Equity, Economic Efficiency, and Cost Recovery",
journal = "World Development",
volume = "91",
number = "Supplement C",
pages = "125 - 143",
year = "2017",
issn = "0305-750X",
doi = "https://doi.org/10.1016/j.worlddev.2016.10.014",
url = "http://www.sciencedirect.com/science/article/pii/S0305750X16305162",
author = "Celine Nauges and Dale Whittington",
keywords = "tariff design, increasing block tariffs, water pricing, subsidy incidence, subsidy targeting"
}


misc{WB:2015,
  author = {WHO/UNICEF},
  title = {Piped Water Coverage},
  year = {2015},
  note = {data retrieved from World Development Indicators, 
          \url{https://data.worldbank.org/indicator/SH.H2O.BASW.UR.ZS}},
}


@article{cutler2005role,
  title={The role of public health improvements in health advances: the twentieth-century United States},
  author={Cutler, David and Miller, Grant},
  journal={Demography},
  volume={42},
  number={1},
  pages={1--22},
  year={2005},
  publisher={Springer}
}

@techreport{ashraf2017water,
  title={Water, health and wealth},
  author={Ashraf, Nava and Glaeser, Edward and Holland, Abraham and Steinberg, Bryce Millett},
  year={2017},
  institution={National Bureau of Economic Research}
}

@article{allcott2016electricity,
  title={How do electricity shortages affect industry? Evidence from India},
  author={Allcott, Hunt and Collard-Wexler, Allan and O'Connell, Stephen D},
  journal={American Economic Review},
  volume={106},
  number={3},
  pages={587--624},
  year={2016}
}

@article{hardy,
    author = {Hardy, Morgan and McCasland, Jamie},
    title = "{Lights Off, Lights On: The Effects of Electricity Shortages on Small Firms}",
    journal = {The World Bank Economic Review},
    volume = {35},
    number = {1},
    pages = {19-33},
    year = {2019},
    month = {11},
    issn = {0258-6770},
    doi = {10.1093/wber/lhz028},
    url = {https://doi.org/10.1093/wber/lhz028}
}




book{doi:10.1596/1813-9450-5384,
author = { Ying, Yvonne Skilling, Heather Banerjee, Sudeshna Wodon, Quentin Foster, Vivien },
title = {Cost Recovery, Equity, And Efficiency In Water Tariffs : Evidence From African Utilities},
publisher = {The World Bank},
year = {2010},
doi = {10.1596/1813-9450-5384},
address = {},
edition   = {},
URL = {https://elibrary.worldbank.org/doi/abs/10.1596/1813-9450-5384},
eprint = {https://elibrary.worldbank.org/doi/pdf/10.1596/1813-9450-5384}
}


@book{mcintosh2003asian,
  title={Asian water supplies: reaching the urban poor},
  author={McIntosh, Arthur},
  year={2003},
  publisher={Asian Development Bank}
}




@article{szabo2015value,
  title={The Value of Free Water: Analyzing South Africa's Free Basic Water Policy},
  author={Szab{\'o}, Andrea},
  journal={Econometrica},
  volume={83},
  number={5},
  pages={1913--1961},
  year={2015},
  publisher={Wiley Online Library}
}







@article{komives2006distributional,
  title={The distributional incidence of residential water and electricity subsidies},
  author={Komives, Kristin and Halpern, Jonathan and Foster, Vivien and Wodon, Quentin T and Abdullah, Roohi},
  year={2006}
}

@book{komives2005water,
  title={Water, electricity, and the poor: Who benefits from utility subsidies?},
  author={Komives, Kristin},
  year={2005},
  publisher={World Bank Publications}
}





@book{laffont2005regulation,
  title={Regulation and development},
  author={Laffont, Jean-Jacques},
  year={2005},
  publisher={Cambridge University Press}
}



@article{olmstead2009reduced,
  title={Reduced-form versus structural models of water demand under nonlinear prices},
  author={Olmstead, Sheila M},
  journal={Journal of Business \& Economic Statistics},
  volume={27},
  number={1},
  pages={84--94},
  year={2009},
  publisher={Taylor \& Francis}
}



@article{devoto2012happiness,
  title={Happiness on tap: piped water adoption in urban Morocco},
  author={Devoto, Florencia and Duflo, Esther and Dupas, Pascaline and Parient{\'e}, William and Pons, Vincent},
  journal={American Economic Journal: Economic Policy},
  volume={4},
  number={4},
  pages={68--99},
  year={2012},
  publisher={American Economic Association}
}



@article{galiani2005water,
  title={Water for life: The impact of the privatization of water services on child mortality},
  author={Galiani, Sebastian and Gertler, Paul and Schargrodsky, Ernesto},
  journal={Journal of political economy},
  volume={113},
  number={1},
  pages={83--120},
  year={2005},
  publisher={The University of Chicago Press}
}

@article{gamper2010impact,
  title={The impact of piped water provision on infant mortality in Brazil: A quantile panel data approach},
  author={Gamper-Rabindran, Shanti and Khan, Shakeeb and Timmins, Christopher},
  journal={Journal of Development Economics},
  volume={92},
  number={2},
  pages={188--200},
  year={2010},
  publisher={Elsevier}
}



@article{hoque2013state,
  title={State-of-the-art review: designing urban water tariffs to recover costs and promote wise use},
  author={Hoque, Sonia Ferdous and Wichelns, Dennis},
  journal={International journal of water resources development},
  volume={29},
  number={3},
  pages={472--491},
  year={2013},
  publisher={Taylor \& Francis Group}
}

@article{strand2005water,
  title={Water markets and demand in Central American cities},
  author={Strand, Jon and Walker, Ian},
  journal={Environment and Development Economics},
  volume={10},
  number={03},
  pages={313--335},
  year={2005},
  publisher={Cambridge Univ Press}
}

@article{diakite2009proposal,
  title={A proposal for social pricing of water supply in C{\^o}te d'Ivoire},
  author={Diakit{\'e}, Daouda and Semenov, Aggey and Thomas, Alban},
  journal={Journal of Development Economics},
  volume={88},
  number={2},
  pages={258--268},
  year={2009},
  publisher={Elsevier}
}



@article{jimenez2014factors,
  title={Factors influencing the uptake of household water connections in peri-urban Maputo, Mozambique},
  author={Jimenez-Redal, Ruben and Parker, Alison and Jeffrey, Paul},
  journal={Utilities Policy},
  volume={28},
  pages={22--27},
  year={2014},
  publisher={Elsevier}
}

article{kayaga2007costs,
  title={Costs of urban utility water connections: Excessive burden to the poor},
  author={Kayaga, Sam and Franceys, Richard},
  journal={Utilities Policy},
  volume={15},
  number={4},
  pages={270--277},
  year={2007},
  publisher={Elsevier}
}

book{mcintosh2003asian,
  title={Asian water supplies reaching the urban poor},
  author={McIntosh, Arthur C},
  year={2003},
  publisher={Asian Development Bank}
}


@book{laffont1993theory,
  title={A theory of incentives in procurement and regulation},
  author={Laffont, Jean-Jacques and Tirole, Jean},
  year={1993},
  publisher={MIT press}
}


